<mx:record xmlns="http://www.w3.org/TR/xhtml1/strict" xmlns:mx="http://www.loc.gov/MARC21/slim" xmlns:xsi="http://www.w3.org/2001/XMLSchema-instance"><mx:leader>00000cz  a2200000n  45 0</mx:leader><mx:controlfield tag="001">oca00068114 </mx:controlfield><mx:controlfield tag="005">20080906073958.0</mx:controlfield><mx:controlfield tag="008">800625n| acannaabn          |b aaa      </mx:controlfield><mx:datafield ind1=" " ind2=" " tag="010"><mx:subfield code="a">n  50032768</mx:subfield></mx:datafield><mx:datafield ind1=" " ind2=" " tag="040"><mx:subfield code="a">DLC</mx:subfield><mx:subfield code="b">eng</mx:subfield><mx:subfield code="c">DLC</mx:subfield><mx:subfield code="d">DLC</mx:subfield><mx:subfield code="d">NIC</mx:subfield><mx:subfield code="d">DLC</mx:subfield><mx:subfield code="d">InU</mx:subfield><mx:subfield code="d">OCoLC</mx:subfield></mx:datafield><mx:datafield ind1="0" ind2=" " tag="100"><mx:subfield code="a">Ptolemy,</mx:subfield><mx:subfield code="d">2nd cent.</mx:subfield></mx:datafield><mx:datafield ind1="0" ind2=" " tag="400"><mx:subfield code="a">Baṭlamyūs,</mx:subfield><mx:subfield code="d">2nd cent.</mx:subfield></mx:datafield><mx:datafield ind1="1" ind2=" " tag="400"><mx:subfield code="a">Ptolemy, Claudius,</mx:subfield><mx:subfield code="d">2nd cent.</mx:subfield></mx:datafield><mx:datafield ind1="1" ind2=" " tag="400"><mx:subfield code="a">Tolomeo, Claudio,</mx:subfield><mx:subfield code="d">2nd cent.</mx:subfield></mx:datafield><mx:datafield ind1="1" ind2=" " tag="400"><mx:subfield code="a">Ptolémée, Claude,</mx:subfield><mx:subfield code="d">2nd cent.</mx:subfield></mx:datafield><mx:datafield ind1="1" ind2=" " tag="400"><mx:subfield code="a">Ptolemaios, Klaudios,</mx:subfield><mx:subfield code="d">2nd cent.</mx:subfield></mx:datafield><mx:datafield ind1="1" ind2=" " tag="400"><mx:subfield code="a">Ptolemaus, Claudius,</mx:subfield><mx:subfield code="d">2nd cent.</mx:subfield></mx:datafield><mx:datafield ind1="1" ind2=" " tag="400"><mx:subfield code="a">Ptolemaeus, Claudius,</mx:subfield><mx:subfield code="d">2nd cent.</mx:subfield></mx:datafield><mx:datafield ind1="1" ind2=" " tag="400"><mx:subfield code="a">Ptolemeĭ, Klavdiĭ,</mx:subfield><mx:subfield code="d">2nd cent.</mx:subfield></mx:datafield><mx:datafield ind1="1" ind2=" " tag="400"><mx:subfield code="a">Tolemeo, Claudio,</mx:subfield><mx:subfield code="d">2nd cent.</mx:subfield></mx:datafield><mx:datafield ind1="0" ind2=" " tag="400"><mx:subfield code="a">Ptholomeus,</mx:subfield><mx:subfield code="d">2nd cent.</mx:subfield></mx:datafield><mx:datafield ind1="0" ind2=" " tag="400"><mx:subfield code="a">بطلميوس</mx:subfield></mx:datafield><mx:datafield ind1="0" ind2=" " tag="400"><mx:subfield code="a">بطليموس</mx:subfield></mx:datafield><mx:datafield ind1=" " ind2=" " tag="667"><mx:subfield code="a">Machine-derived non-Latin script reference project.</mx:subfield></mx:datafield><mx:datafield ind1=" " ind2=" " tag="667"><mx:subfield code="a">Non-Latin script references not evaluated.</mx:subfield></mx:datafield><mx:datafield ind1=" " ind2=" " tag="667"><mx:subfield code="a">Old catalog heading: Ptolemaeus, Claudius</mx:subfield></mx:datafield><mx:datafield ind1=" " ind2=" " tag="670"><mx:subfield code="a">His Harmonielehre des Klaudios Ptolemaios, 1934:</mx:subfield><mx:subfield code="b">t.p. (Klaudios Ptolemaios)</mx:subfield></mx:datafield><mx:datafield ind1=" " ind2=" " tag="670"><mx:subfield code="a">His The cosmography of Claudius Ptolemaus, 1987.</mx:subfield></mx:datafield><mx:datafield ind1=" " ind2=" " tag="670"><mx:subfield code="a">Bronshtėn, V.A. Klavdiĭ Ptolemeĭ, 1988:</mx:subfield><mx:subfield code="b">t.p. (Klavdiĭ Ptolemeĭ)</mx:subfield></mx:datafield><mx:datafield ind1=" " ind2=" " tag="670"><mx:subfield code="a">La scienza armonica di Claudio Tolemeo, 2002.</mx:subfield></mx:datafield><mx:datafield ind1=" " ind2=" " tag="670"><mx:subfield code="a">Cosmographia dans manductionem in tabulas Ptholomei, not before 1496.</mx:subfield></mx:datafield><mx:datafield ind1=" " ind2=" " tag="999"><mx:subfield code="a">1427453</mx:subfield></mx:datafield></mx:record>